@article{Gran-Turismo-Sophy,
  title = {Outracing champion Gran Turismo drivers with deep reinforcement learning},
  author = {Peter R. Wurman and Others},
  journal={Nature},
  volume={602},
  pages={223--228},
  year = {2022},
}

@misc{AI-Racing-Karts,
  author = {Sebastian Schuchmann},
  title = {{AI-Racing-Karts}: Deep Reinforcement Learning in Racing Games},
  year = {2019},
  howpublished = {\url{https://github.com/Sebastian-Schuchmann/AI-Racing-Karts}}
}
